% Optional fields: subtitle, titleaddon, language, howpublished, type, version, note, organization, location, date, month, year, addendum, pubstate, doi, eprint, eprintclass, eprinttype, url, urldate
@misc{covid,
  author = {Lisa Simunaci},
    title = {Pro Rata Vaccine Distribution is Fair, Equitable},
    organization = {OFFICE OF THE SECRETARY OF DEFENSE PUBLIC AFFAIRS},
    year = {2021},
    howpublished={\url{t.ly/sDa9}}
}

@article{rebennack2020piecewise,
  title={Piecewise linear function fitting via mixed-integer linear programming},
  author={Rebennack, Steffen and Krasko, Vitaliy},
  journal={INFORMS Journal on Computing},
  volume={32},
  number={2},
  pages={507--530},
  year={2020},
  publisher={INFORMS}
}

@inproceedings{blocki2016differentially,
  title={Differentially Private Password Frequency Lists.},
  author={Blocki, Jeremiah and Datta, Anupam and Bonneau, Joseph},
  booktitle={NDSS},
  volume={16},
  pages={153},
  year={2016}
}

@inproceedings{zhang2016privtree,
  title={Privtree: A differentially private algorithm for hierarchical decompositions},
  author={Zhang, Jun and Xiao, Xiaokui and Xie, Xing},
  booktitle={Proceedings of the 2016 International Conference on Management of Data},
  pages={155--170},
  year={2016}
}

@inproceedings{xiao2010differentially,
  title={Differentially private data release through multidimensional partitioning},
  author={Xiao, Yonghui and Xiong, Li and Yuan, Chun},
  booktitle={Workshop on Secure Data Management},
  pages={150--168},
  year={2010},
  organization={Springer}
}

@inproceedings{cormode2012differentially,
  title={Differentially private spatial decompositions},
  author={Cormode, Graham and Procopiuc, Cecilia and Srivastava, Divesh and Shen, Entong and Yu, Ting},
  booktitle={2012 IEEE 28th International Conference on Data Engineering},
  pages={20--31},
  year={2012},
  organization={IEEE}
}

@inproceedings{li2010optimizing,
  title={Optimizing linear counting queries under differential privacy},
  author={Li, Chao and Hay, Michael and Rastogi, Vibhor and Miklau, Gerome and McGregor, Andrew},
  booktitle={Proceedings of the twenty-ninth ACM SIGMOD-SIGACT-SIGART symposium on Principles of database systems},
  pages={123--134},
  year={2010}
}

@inproceedings{cohen2021census,
  title={Census TopDown: The Impacts of Differential Privacy on Redistricting},
  author={Cohen, Aloni and Duchin, Moon and Matthews, JN and Suwal, Bhushan},
  booktitle={2nd Symposium on Foundations of Responsible Computing (FORC 2021)},
  year={2021},
  organization={Schloss Dagstuhl-Leibniz-Zentrum f{\"u}r Informatik}
}


@inproceedings{abowd2018us,
  title={The US Census Bureau adopts differential privacy},
  author={Abowd, John M},
  booktitle={Proceedings of the 24th ACM SIGKDD International Conference on Knowledge Discovery \& Data Mining},
  pages={2867--2867},
  year={2018}
}

@inproceedings{fioretto:CP-19,
  author    = {Fioretto, Ferdinando and Van Hentenryck, Pascal},
  title     = "Differential Privacy of Hierarchical Census Data: An Optimization Approach",
  booktitle = "Proceedings of the International Conference on Principles and Practice of Constraint Programming {(CP)}",
  year      = "2019",
  pages     = "639-655"
}

@article{fioretto:Constraint-18,
 author    = {Ferdinando Fioretto and
              Enrico Pontelli and
              William Yeoh and
              Rina Dechter},
  title     = {Accelerating exact and approximate inference for (distributed) 
              discrete optimization with GPUs},
  journal   = {Constraints},
  volume    = {23},
  number    = {1},
  pages     = {1--43},
  year      = {2018},
}


# Attack on census data 
@inproceedings{Dinur:03,
  title={Revealing information while preserving privacy},
  author={Dinur, Irit and Nissim, Kobbi},
  booktitle={Proceedings of the twenty-second ACM SIGMOD-SIGACT-SIGART symposium on Principles of database systems},
  pages={202--210},
  year={2003},
  organization={ACM}
}

% Group size estimates
@article{kuo:18,
  title={Differentially Private Hierarchical Group Size Estimation},
  author={Kuo, Yu-Hsuan and Chiu, Cho-Chun and Kifer, Daniel and Hay, Michael and Machanavajjhala, Ashwin},
  journal={arXiv preprint arXiv:1804.00370},
  year={2018}
}

@article{kuo2018_VLDB,
  title={Differentially private hierarchical count-of-counts histograms},
  author={Kuo, Yu-Hsuan and Chiu, Cho-Chun and Kifer, Daniel and Hay, Michael and Machanavajjhala, Ashwin},
  journal={Proceedings of the VLDB Endowment},
  volume={11},
  number={11},
  pages={1509--1521},
  year={2018},
  publisher={VLDB Endowment}
}


% Laplace Mechanism 
@inproceedings{Dwork:06,
  title={Calibrating noise to sensitivity in private data analysis},
  author={Dwork, Cynthia and McSherry, Frank and Nissim, Kobbi and Smith, Adam},
  booktitle={Theory of cryptography conference},
  pages={265--284},
  year={2006},
  organization={Springer}
}

% Exponential Mechanism
@inproceedings{Mcsherry:07,
  title={Mechanism design via differential privacy},
  author={McSherry, Frank and Talwar, Kunal},
  booktitle={Foundations of Computer Science, 2007. FOCS'07. 48th Annual IEEE Symposium on},
  pages={94--103},
  year={2007},
  organization={IEEE}
}


% Geometric Mechanism
@article{Ghosh:12,
  title={Universally utility-maximizing privacy mechanisms},
  author={Ghosh, Arpita and Roughgarden, Tim and Sundararajan, Mukund},
  journal={SIAM Journal on Computing},
  volume={41},
  number={6},
  pages={1673--1693},
  year={2012},
  publisher={SIAM}
}

@article{Dwork:13,
  title={The algorithmic foundations of differential privacy},
  author={Dwork, Cynthia and Roth, Aaron},
  journal={Theoretical Computer Science},
  volume={9},
  number={3-4},
  pages={211--407},
  year={2013}
}

% Aggregation
@article{winkler:02,
  title={Single ranking micro-aggregation and re-identification},
  author={Winkler, WE},
  journal={Statistical Research Division report RR},
  volume={8},
  pages={2002},
  year={2002}
}

% K-anonymity
@article{Sweeney:02,
  title={k-anonymity: A model for protecting privacy},
  author={Sweeney, Latanya},
  journal={International Journal of Uncertainty, Fuzziness and Knowledge-Based Systems},
  volume={10},
  number={05},
  pages={557--570},
  year={2002},
  publisher={World Scientific}
}

% Privacy risks
@inproceedings{Golle:06,
  title={Revisiting the uniqueness of simple demographics in the US population},
  author={Golle, Philippe},
  booktitle={Proceedings of the 5th ACM workshop on Privacy in electronic society},
  pages={77--80},
  year={2006},
  organization={ACM}
}


%% Google 
@inproceedings{erlingsson2014rappor,
  title={Rappor: Randomized aggregatable privacy-preserving ordinal response},
  author={Erlingsson, {\'U}lfar and Pihur, Vasyl and Korolova, Aleksandra},
  booktitle={Proceedings of the 2014 ACM SIGSAC conference on computer and communications security},
  pages={1054--1067},
  year={2014},
  organization={ACM}
}

@article{apple,
  title={Learning with privacy at scale},
  author={Apple Differential Privacy Team},
  volume = {1},
  number = {8},
  year = {2017},
  journal={Apple Machine Learning Journal}
}


%%%%% Algorithms

@inproceedings{cormode:12,
  title={Differentially private spatial decompositions},
  author={Cormode, Graham and Procopiuc, Cecilia and Srivastava, Divesh and Shen, Entong and Yu, Ting},
  booktitle={2012 IEEE 28th International Conference on Data Engineering},
  pages={20--31},
  year={2012},
  organization={IEEE}
}


@article{li:14,
  title={A data-and workload-aware algorithm for range queries under differential privacy},
  author={Li, Chao and Hay, Michael and Miklau, Gerome and Wang, Yue},
  journal={Proceedings of the VLDB Endowment},
  volume={7},
  number={5},
  pages={341--352},
  year={2014},
  publisher={VLDB Endowment}
}

@inproceedings{huang:15,
  title={Orthogonal mechanism for answering batch queries with differential privacy},
  author={Huang, Dong and Han, Shuguo and Li, Xiaoli and Yu, Philip S},
  booktitle={Proceedings of the 27th International Conference on Scientific and Statistical Database Management},
  pages={24},
  year={2015},
  organization={ACM}
}


@inproceedings{li:09,
  title={On the tradeoff between privacy and utility in data publishing},
  author={Li, Tiancheng and Li, Ninghui},
  booktitle={Proceedings of the 15th ACM SIGKDD international conference on Knowledge discovery and data mining},
  pages={517--526},
  year={2009},
  organization={ACM}
}

@article{hay:10,
  title={Boosting the accuracy of differentially private histograms through consistency},
  author={Hay, Michael and Rastogi, Vibhor and Miklau, Gerome and Suciu, Dan},
  journal={Proceedings of the VLDB Endowment},
  volume={3},
  number={1-2},
  pages={1021--1032},
  year={2010},
  publisher={VLDB Endowment}
}

@article{qardaji:13,
  title={Understanding hierarchical methods for differentially private histograms},
  author={Qardaji, Wahbeh and Yang, Weining and Li, Ninghui},
  journal={Proceedings of the VLDB Endowment},
  volume={6},
  number={14},
  pages={1954--1965},
  year={2013},
  publisher={VLDB Endowment},
}

@inproceedings{fioretto:AAMAS-18,
  author    = {Ferdinando Fioretto and 
              Chansoo Lee and 
              Pascal Van Hentenryck},
  title     = {Constrained-based Differential Privacy for Private Mobility},
  booktitle = {Proceedings of the International Joint Conference on 
              Autonomous Agents and Multiagent Systems {(AAMAS)}},
  pages     = {1405--1413},
  year      = {2018}
}

@misc{census-DP,
  title = {{AAAS: New Privacy Protections Highlight the Value of Science Behind the 2020 census}},
  howpublished = {{https://www.aaas.org/news/new-privacy-protections-highlight-value-science-behind-2020-census}},
  note = {Accessed: 2019-23-04}
}

@misc{censu-attack,
  title={{NY Times: To Reduce Privacy Risks, the Census Plans to Report Less Accurate Data}},
  howpublished = {https://www.nytimes.com/2018/12/05/upshot/to-reduce-privacy-risks-the-census-plans-to-report-less-accurate-data.html}},
  note = {Accessed: 2019-23-04}
}

@misc{census-leak,
    title = {{NBC News: Potential privacy lapse found in Americans' 2010 census data}},
    howpublished = {{https://www.nbcnews.com/news/us-news/potential-privacy-lapse-found-americans-2010-census-data-n972471}},
    note = {Accessed: 2019-23-04}
}

@misc{census-files,
  author = {U.S. Census Bureau},
    title = {2010 census summary file 1: census of population and housing, technical documentation},
    howpublished = {https://www.census.gov/prod/cen2010/doc/sf1.pdf},
    year = {2012}
}

@misc{NY-data,
    title = {{New York City Open Data}},
    howpublished = {https://opendata.cityofnewyork.us/},
    note = {Accessed: 2019-20-04}
}

@misc{NY-taxi-data,
    title = {{New York City Taxi Data}},
    howpublished = {http://www.nyc.gov/html/tlc/html/about/trip\-\_re\-cord\-\_da\-ta\-.shtml},
    note = {Accessed: 2019-20-04}
}



@misc{Census-voting-rights,
  author = {{Census Bureau}},
    title = {Voting Rights Determination file},
    year = {2016},
    url = {\url{https://www.census. gov/programs-surveys/decennial-census/about/voting-rights/voting-rights-determination-file.html}}
}

@misc{geng2019privacy,
      title={Privacy and Utility Tradeoff in Approximate Differential Privacy}, 
      author={Quan Geng and Wei Ding and Ruiqi Guo and Sanjiv Kumar},
      year={2019},
      eprint={1810.00877},
      archivePrefix={arXiv},
      primaryClass={cs.CR}
}

@article{Sonnenberg:16,
  author = {W. Sonnenberg},
    title = {Allocating grants for Title I},
    journal={U.S.~Department of Education, Institute for Education Science},
    year = {2016}
}

@inproceedings{dwork2012fairness,
  title={Fairness through awareness},
  author={Dwork, Cynthia and Hardt, Moritz and Pitassi, Toniann and Reingold, Omer and Zemel, Richard},
  booktitle={Proceedings of the 3rd innovations in theoretical computer science conference},
  pages={214--226},
  year={2012}
}

@misc{wang2018differentially,
title={Differentially Private Confidence Intervals for Empirical Risk Minimization},
    author={Yue Wang and Daniel Kifer and Jaewoo Lee},
    year={2018},
    eprint={1804.03794},
    archivePrefix={arXiv},
    primaryClass={cs.LG}
}

@article{yeom2020individual,
  title={Individual Fairness Revisited: Transferring Techniques from Adversarial Robustness},
  author={Yeom, Samuel and Fredrikson, Matt},
  journal={arXiv preprint arXiv:2002.07738},
  year={2020}
}

@misc{bower2017fair,
      title={Fair Pipelines}, 
      author={Amanda Bower and Sarah N. Kitchen and Laura Niss and Martin J. Strauss and Alexander Vargas and Suresh Venkatasubramanian},
      year={2017},
      eprint={1707.00391},
      archivePrefix={arXiv},
      primaryClass={cs.CY}
}

@inproceedings{NEURIPS2019_eugene,
 author = {Bagdasaryan, Eugene and Poursaeed, Omid and Shmatikov, Vitaly},
 booktitle = {NeurIPS},
 title = {Differential Privacy Has Disparate Impact on Model Accuracy},
 volume = {32},
 year = {2019}
}


@misc{pujol:20,
      title={Fair Decision Making using Privacy-Protected Data}, 
      author={Satya Kuppam and Ryan Mckenna and David Pujol and Michael Hay and Ashwin Machanavajjhala and Gerome Miklau},
      year={2020},
      eprint={1905.12744},
      archivePrefix={arXiv},
      primaryClass={cs.DB}
}

@misc{zhu:20_postdp,
    title={Bias and Variance of Post-processing in Differential Privacy},
    author={Keyu Zhu and Pascal {Van Hentenryck} and Ferdinando Fioretto},
    year={2020},
    eprint={2010.04327},
    archivePrefix={arXiv},
    primaryClass={cs.LG}
}

@article{abowd2019economic,
  title={An economic analysis of privacy protection and statistical accuracy as social choices},
  author={Abowd, John M and Schmutte, Ian M},
  journal={American Economic Review},
  year={2019}
}

@misc{title13,
  author = {Title~13},
  title = {Title~13, U.S.~Code},
  year = {2006},
  howpublished = {\url{www.census.gov/history/www/reference/privacy_confidentiality/title_13_us_code.html}},
  note = {Accessed: 2021-01-15}
}


@misc{GDPR,
  author = {GDPR},
  title = {What is GDPR, the EU’s new data protection law?},
  year = {2020},
  howpublished = {\url{https://gdpr.eu/what-is-gdpr}},
  note = {Accessed: 2021-01-15}
}

@inproceedings{cummings2019compatibility,
  title={On the compatibility of privacy and fairness},
  author={Cummings, Rachel and Gupta, Varun and Kimpara, Dhamma and Morgenstern, Jamie},
  booktitle={Adjunct Publication of the 27th Conference on User Modeling, Adaptation and Personalization},
  pages={309--315},
  year={2019}
}

@inproceedings{ekstrand2018privacy,
  title={Privacy for all: Ensuring fair and equitable privacy protections},
  author={Ekstrand, Michael D and Joshaghani, Rezvan and Mehrpouyan, Hoda},
  booktitle={Conference on Fairness, Accountability and Transparency},
  pages={35--47},
  year={2018}
}

@inproceedings{jagielski2019differentially,
  title={Differentially private fair learning},
  author={Jagielski, Matthew and Kearns, Michael and Mao, Jieming and Oprea, Alina and Roth, Aaron and Sharifi-Malvajerdi, Saeed and Ullman, Jonathan},
  booktitle={International Conference on Machine Learning},
  pages={3000--3008},
  year={2019},
  organization={PMLR}
}

@article{chang2020privacy,
  title={On the Privacy Risks of Algorithmic Fairness},
  author={Chang, Hongyan and Shokri, Reza},
  journal={arXiv preprint arXiv:2011.03731},
  year={2020}
}
@article{mahdi2020improving,
  title={Improving Fairness and Privacy in Selection Problems},
  author={Mahdi Khalili, Mohammad and Zhang, Xueru and Abroshan, Mahed and Sojoudi, Somayeh},
  journal={arXiv e-prints},
  pages={arXiv--2012},
  year={2020}
}

@inproceedings{mcsherry2007mechanism,
  title={Mechanism design via differential privacy},
  author={McSherry, Frank and Talwar, Kunal},
  booktitle={48th Annual IEEE Symposium on Foundations of Computer Science (FOCS'07)},
  pages={94--103},
  year={2007},
  organization={IEEE}
}

@misc{Census203, title={Section 203 language determinations}, url={https://www.census.gov/programs-surveys/decennial-census/about/voting-rights/voting-rights-determination-file.html}, journal={Census.gov}, author={Redistricting &amp; Voting Rights Data Office (rdo@census.gov or 301-763-4039)}, year={2022}, month={Dec}} 
